<record><leader>00000cas a2200000 a 4500</leader><controlfield tag="001">13608372</controlfield><controlfield tag="008">860521c19259999scuwr ne      0    0eng d</controlfield><datafield ind1=" " ind2=" " tag="010"><subfield code="a">sn 86063799 </subfield></datafield><datafield ind1=" " ind2=" " tag="040"><subfield code="a">KSH</subfield><subfield code="b">eng</subfield><subfield code="c">KSH</subfield><subfield code="d">NPT</subfield><subfield code="d">OCL</subfield><subfield code="d">DLC</subfield><subfield code="d">SVN</subfield><subfield code="d">FUG</subfield><subfield code="d">OCL</subfield><subfield code="d">OCLCQ</subfield><subfield code="d">SUC</subfield><subfield code="d">OCLCF</subfield></datafield><datafield ind1="1" ind2=" " tag="029"><subfield code="a">AU@</subfield><subfield code="b">000022168993</subfield></datafield><datafield ind1=" " ind2=" " tag="042"><subfield code="a">msc</subfield></datafield><datafield ind1=" " ind2=" " tag="043"><subfield code="a">n-us-sc</subfield></datafield><datafield ind1="0" ind2="4" tag="245"><subfield code="a">The press and banner and Abbeville medium.</subfield></datafield><datafield ind1=" " ind2=" " tag="260"><subfield code="a">Abbeville, S.C. :</subfield><subfield code="b">The Press and Banner Co.</subfield></datafield><datafield ind1=" " ind2=" " tag="300"><subfield code="a">v.</subfield></datafield><datafield ind1=" " ind2=" " tag="310"><subfield code="a">Weekly,</subfield><subfield code="b">Jan. 5, 1939-</subfield></datafield><datafield ind1=" " ind2=" " tag="321"><subfield code="a">Triweekly,</subfield><subfield code="b">Feb. 2-Oct. 30, 1925</subfield></datafield><datafield ind1=" " ind2=" " tag="321"><subfield code="a">Semiweekly,</subfield><subfield code="b">Nov. 2, 1925-Dec. 29, 1938</subfield></datafield><datafield ind1="0" ind2=" " tag="362"><subfield code="a">Feb. 2, 1925-</subfield></datafield><datafield ind1=" " ind2=" " tag="588"><subfield code="a">Latest issue consulted: Vol. 168, no. 41 (Apr. 17, 2013).</subfield></datafield><datafield ind1=" " ind2="0" tag="651"><subfield code="a">Abbeville (S.C.)</subfield><subfield code="v">Newspapers.</subfield></datafield><datafield ind1=" " ind2="0" tag="651"><subfield code="a">Abbeville County (S.C.)</subfield><subfield code="v">Newspapers.</subfield></datafield><datafield ind1=" " ind2="7" tag="655"><subfield code="a">Newspapers.</subfield><subfield code="2">fast</subfield><subfield code="0">(OCoLC)fst01423814</subfield></datafield><datafield ind1=" " ind2="7" tag="651"><subfield code="a">South Carolina</subfield><subfield code="z">Abbeville.</subfield><subfield code="2">fast</subfield><subfield code="0">(OCoLC)fst01206845</subfield></datafield><datafield ind1=" " ind2="7" tag="651"><subfield code="a">South Carolina</subfield><subfield code="z">Abbeville County.</subfield><subfield code="2">fast</subfield><subfield code="0">(OCoLC)fst01209948</subfield></datafield><datafield ind1=" " ind2=" " tag="752"><subfield code="a">United States</subfield><subfield code="b">South Carolina</subfield><subfield code="c">Abbeville</subfield><subfield code="d">Abbeville.</subfield></datafield><datafield ind1="0" ind2="4" tag="780"><subfield code="t">Press and banner</subfield><subfield code="w">(DLC)  2013228796</subfield><subfield code="w">(OCoLC)841312126</subfield></datafield><datafield ind1="0" ind2="4" tag="780"><subfield code="t">Evening medium</subfield><subfield code="w">(DLC)sn 93067666</subfield><subfield code="w">(OCoLC)27866371</subfield></datafield></record>